@article{AAAAAA,
	title={基于社区划分的节点重要性评估方法},
	author={王安 and 顾益军},
	journal={计算机工程与应用},
	volume={56},
	number={8},
	pages={42--48},
	year={2020}
}
@article{李韵诗2015重金属污染土壤植物修复中的微生物功能研究进展,
  title={重金属污染土壤植物修复中的微生物功能研究进展},
  author={李韵诗 and 冯冲凌 and 吴晓芙 and 石润},
  journal={生态学报},
  volume={35},
  number={20},
  pages={6881--6890},
  year={2015}
}
@article{石润2023凤仙花种子包衣载体固定化微生物修复石油烃污染土壤的效应,
  title={凤仙花种子包衣载体固定化微生物修复石油烃污染土壤的效应},
  author={石润 and 李法云 and 周纯亮 and 王玮 and 周艳秋},
  journal={生态环境学报},
  volume={32},
  number={9},
  pages={1700},
  year={2023}
}
@article{石润2014我国区域金融风险的防范与化解策略研究,
  title={我国区域金融风险的防范与化解策略研究},
  author={石润 and 潘焕学},
  journal={区域金融研究},
  number={11},
  pages={4--7},
  year={2014}
}
@article{石润2023基于,
  title={基于 AHP-3DEC 的危岩落石危险性分区与评价},
  author={石润 and 李嘉雨 and 陈明浩 and 贾哲强 and 邱晓东},
  journal={中国地质灾害与防治学报},
  volume={34},
  number={3},
  pages={127--135},
  year={2023},
  publisher={《 中国地质灾害与防治学报》 编辑部}
}
@article{顾旭东2017基于,
  title={基于 Van Allen Probes EMFISIS 波动仪器观测的内磁层下频带哨声合声波全球分布的统计分析},
  author={顾旭东 and 殷倩 and 倪彬彬 and 项正 and 曹兴 and 邹正洋 and 周晨 and 付松 and 石润 and 赵正予 and others},
  journal={地球物理学报},
  volume={60},
  number={4},
  pages={1249--1258},
  year={2017}
}